<?xml version="1.0" encoding="UTF-8"?><collection xmlns="http://www.loc.gov/MARC21/slim"><record><leader>00542nam--2200193-u-4500</leader><controlfield tag="001">000052058</controlfield><controlfield tag="002">20161230</controlfield><controlfield tag="005">20161230201049</controlfield><controlfield tag="008">090611s1000------------r-----000-0-eng-d</controlfield><datafield ind1=" " ind2=" " tag="020"><subfield code="a">0-7923-5618-7</subfield></datafield><datafield ind1=" " ind2=" " tag="040"><subfield code="a">IFIN-HH</subfield></datafield><datafield ind1=" " ind2=" " tag="080"><subfield code="a">517.982.24</subfield></datafield><datafield ind1="1" ind2=" " tag="100"><subfield code="a">Saitoh,Saburou(ed.)</subfield></datafield><datafield ind1="1" ind2=" " tag="245"><subfield code="a">Reproducing Kernels and their Applications</subfield></datafield><datafield ind1=" " ind2=" " tag="260"><subfield code="a">Dordrecht</subfield><subfield code="b">Kluver Academic Publishers</subfield><subfield code="c">1999</subfield></datafield><datafield ind1=" " ind2=" " tag="300"><subfield code="a">234 p</subfield></datafield><datafield ind1=" " ind2=" " tag="490"><subfield code="a">Internatiional Society for Analysis and Computation</subfield></datafield><datafield ind1=" " ind2=" " tag="852"><subfield code="a">81519</subfield><subfield code="c">517.9</subfield></datafield><datafield ind1=" " ind2=" " tag="CAT"><subfield code="a">Sys</subfield><subfield code="c">20090611</subfield><subfield code="h">095706</subfield></datafield></record></collection>